@misc{1,
author = {Netflix Technology Blog},
title = { Netflix is pleased to announce the open-source release of our crisis management orchestration framework: Dispatch!},
note = {\url{https://netflixtechblog.com/introducing-dispatch-da4b8a2a8072}}
}

@misc{2,
author = {},
title = {Architectures Panel},
howpublished = {INFO Q},
note = {\url{https://www.infoq.com/presentations/panel-architecture-big-small-operators/}}
}

@misc{3,
author = {Andrés Arango Espinal},
title = {Arquitectura de software orientado a la gestión documental para mipymes del Valle Del Cauca},
howpublished = {Tesis de Maestria, Pontificia universidad Javeriana Cali},
note = {}
}